@MastersThesis{fiser2017integrated,
  author  = "Bc. Tomáš Fišer",
  title   = "Integrated Route and Charging Planning for Electric Vehicles",
  school  = "Czech Technical University in Prague",
  year    = 2017
}

@inproceedings{artmeier2010optimal,
  author    = "Andreas Artmeier, Julian Haselmayr, Martin Leucker and Martin Sachenbacher", 
  title     = "The optimal routing problem in the context of battery-powered electric vehicles",
  booktitle = "CPAIOR Workshop on Constraint Reasoning and Optimization for Computational Sustainability (CROCS)",
  year      = 2010
}

@article{mandow2010multiobjective,
  title     = "Multiobjective A* search with consistent heuristics",
  author    = "Mandow, Lawrence and De La Cruz, José Luis Pérez",
  journal   = "Journal of the ACM (JACM)",
  volume    = 57,
  number    = 5,
  pages     = 27,
  year      = 2010,
  publisher = "ACM"
}

@article{dijkstra1959note,
  title     = "A note on two problems in connexion with graphs",
  author    = "Dijkstra, Edsger W",
  journal   = "Numerische mathematik",
  volume    = 1,
  number    = 1,
  pages     = 269--271,
  year      = 1959,
  publisher = "Springer"
}

@Inbook{delling2009engineering,
  author    = "Delling, Daniel and Sanders, Peter and Schultes, Dominik and Wagner, Dorothea",
  editor    = "Lerner, Jürgen and Wagner, Dorothea and Zweig, Katharina A.",
  title     = "Engineering Route Planning Algorithms",
  bookTitle = "Algorithmics of Large and Complex Networks: Design, Analysis, and Simulation",
  year      = 2009,
  publisher = "Springer Berlin Heidelberg",
  address   = "Berlin, Heidelberg",
  pages     = 117--139,
  isbn      = 978-3-642-02094-0,
  doi       = "10.1007/978-3-642-02094-0_7",
  url       = "https://doi.org/10.1007/978-3-642-02094-0_7"
}

@inproceedings{geisberger2008contraction,
  title         = "Contraction hierarchies: Faster and simpler hierarchical routing in road networks",
  author        = "Geisberger, Robert and Sanders, Peter and Schultes, Dominik and Delling, Daniel",
  booktitle     = "International Workshop on Experimental and Efficient Algorithms",
  pages         = 319--333,
  year          = 2008,
  organization  = "Springer"
}

@InProceedings{sanders2005highway,
  author    = "Sanders, Peter and Schultes, Dominik",
  editor    = "Brodal, Gerth St{\o}lting and Leonardi, Stefano",
  title     = "Highway Hierarchies Hasten Exact Shortest Path Queries",
  booktitle = "Algorithms -- ESA 2005",
  year      = 2005,
  publisher = "Springer Berlin Heidelberg",
  address   = "Berlin, Heidelberg",
  pages     = 568--579,
  isbn      = 978-3-540-31951-1
}

@inproceedings{nikolova2006optimal,
  title     = "Optimal Route Planning under Uncertainty",
  author    = "Nikolova, Evdokia and Brand, Matthew and Karger, David R",
  booktitle = ICAPS,
  volume    = 6,
  pages     = 131--141,
  year      = 2006
}

@inproceedings{nikolova2008canadien,
  author    = "Evdokia Nikolova, David R. Karger",
  title     = "Route Planning under Uncertainty: The Canadian Traveller Problem",
  booktitle = "Proceedings of the Twenty-Third AAAI Conference on Artifical Intelligence (2008)",
  year      = 2008,
  pages     = 969-974
}

@article{climaco1982bicriterion,
  title   = "A bicriterion shortest path algorithm",
  journal = "European Journal of Operational Research",
  volume  = 11,
  number  = 4,
  pages   = 399--404,
  year    = 1982,
  issn    = 0377-2217,
  doi     = "https://doi.org/10.1016/0377-2217(82)90205-3",
  url     = "http://www.sciencedirect.com/science/article/pii/0377221782902053",
  author  = "João Carlos Namorado Climaco and Ernesto Queirós Vieira Martins"
}

@article{hart1968formal,
  title     = "A formal basis for the heuristic determination of minimum cost paths",
  author    = "Hart, Peter E and Nilsson, Nils J and Raphael, Bertram",
  journal   = "IEEE transactions on Systems Science and Cybernetics",
  volume    = 4,
  number    = 2,
  pages     = 100--107,
  year      = 1968,
  publisher = IEEE
}

@book{russell2009modern,
  author    = "Russell, Stuart and Norvig, Peter",
  title     = "Artificial Intelligence: A Modern Approach",
  year      = 2009,
  isbn      = "0136042597, 9780136042594",
  edition   = 3rd,
  publisher = "Prentice Hall Press",
  address   = "Upper Saddle River, NJ, USA"
}

@article{papadimitriou1991shortest,
  title     = "Shortest paths without a map",
  author    = "Papadimitriou, Christos H and Yannakakis, Mihalis",
  journal   = "Theoretical Computer Science",
  volume    = 84,
  number    = 1,
  pages     = 127--150,
  year      = 1991,
  publisher = Elsevier
}

@article{dreyfus1969appraisal,
  title     = "An appraisal of some shortest-path algorithms",
  author    = "Dreyfus, Stuart E",
  journal   = "Operations research",
  volume    = 17,
  number    = 3,
  pages     = 395--412,
  year      = 1969,
  publisher = INFORMS
}

@article{cooke1966shortest,
  title     = "The shortest route through a network with time-dependent internodal transit times",
  author    = "Cooke, Kenneth L and Halsey, Eric",
  journal   = "Journal of mathematical analysis and applications",
  volume    = 14,
  number    = 3,
  pages     = 493--498,
  year      = 1966,
  publisher = Elsevier
}

@article{chabini1998discrete,
  title     = "Discrete dynamic shortest path problems in transportation applications: Complexity and algorithms with optimal run time",
  author    = "Chabini, Ismail",
  journal   = "Transportation research record",
  volume    = 1645,
  number    = 1,
  pages     = 170--175,
  year      = 1998,
  publisher = "SAGE Publications Sage CA: Los Angeles, CA"
}

@article{hall1993time,
  title   = "Time-dependent, shortest-path algorithm for real-time intelligent vehicle highway system applications",
  author  = "Hall, ECJ",
  year    = 1993
}

@article{hamacher2006algorithms,
  title     = "Algorithms for time-dependent bicriteria shortest path problems",
  author    = "Hamacher, Horst W and Ruzika, Stefan and Tjandra, Stevanus A",
  journal   = "Discrete optimization",
  volume    = 3,
  number    = 3,
  pages     = 238--254,
  year      = 2006,
  publisher = Elsevier
}

@inproceedings{eisner2011optimal,
  title     = "Optimal route planning for electric vehicles in large networks",
  author    = "Eisner, Jochen and Funke, Stefan and Storandt, Sabine",
  booktitle = "Twenty-Fifth AAAI Conference on Artificial Intelligence",
  year      = 2011
}

@article{stewart1991multiobjective,
  title     = "Multiobjective A*",
  author    = "Stewart, Bradley S and White III, Chelsea C",
  journal   = "Journal of the ACM (JACM)",
  volume    = 38,
  number    = 4,
  pages     = 775--814,
  year      = 1991,
  publisher = ACM
}